@article{1,
  title={Motion Detection and Tracking using Background Subtraction and Consecutive Frames Difference Method},
  author={Suresh, DS and Lavanya, MP},
  journal={International Journal of Research Studies in Science, Engineering and Technology},
  volume={1},
  number={5},
  pages={16--22},
  year={2014}
}
